Date Time,,Non Taxable,Taxable,Discount,Tax,Total Sales,Total Sales (Cash),Total Sales (Credit Card),Total Sales (Other Types),Service charges (Tax include),Total Sales + SC,Tips,Total Sales + SC + Tips,Paid Balance
01/01/20 00:00-23:59,,0.00,0.00,0.00,0.00,0.00,0.00,0.00,0.00,0.00,0.00,0.00,0.00,0.00
01/02/20 00:00-23:59,,0.00,0.00,0.00,0.00,0.00,0.00,0.00,0.00,0.00,0.00,0.00,0.00,0.00
01/03/20 00:00-23:59,,0.00,0.00,0.00,0.00,0.00,0.00,0.00,0.00,0.00,0.00,0.00,0.00,0.00
01/04/20 00:00-23:59,,0.00,0.00,0.00,0.00,0.00,0.00,0.00,0.00,0.00,0.00,0.00,0.00,0.00
01/05/20 00:00-23:59,,0.00,0.00,0.00,0.00,0.00,0.00,0.00,0.00,0.00,0.00,0.00,0.00,0.00
01/06/20 00:00-23:59,,0.00,0.00,0.00,0.00,0.00,0.00,0.00,0.00,0.00,0.00,0.00,0.00,0.00
01/07/20 00:00-23:59,,0.00,0.00,0.00,0.00,0.00,0.00,0.00,0.00,0.00,0.00,0.00,0.00,0.00
01/08/20 00:00-23:59,,0.00,0.00,0.00,0.00,0.00,0.00,0.00,0.00,0.00,0.00,0.00,0.00,0.00
01/09/20 00:00-23:59,,0.00,105.58,0.00,11.32,116.90,116.90,0.00,0.00,0.00,116.90,0.00,116.90,0.00
01/10/20 00:00-23:59,,0.00,163.07,0.00,13.22,176.29,176.29,0.00,0.00,0.00,176.29,0.00,176.29,0.00
01/11/20 00:00-23:59,,12.80,"1,572.00",6.21,123.25,"1,701.84",577.30,"1,124.54",0.00,0.00,"1,701.84",68.53,"1,770.37",0.00
01/12/20 00:00-23:59,,0.00,888.72,22.70,67.69,933.71,191.12,742.59,0.00,0.00,933.71,43.83,977.54,0.00
01/13/20 00:00-23:59,,19.90,661.43,7.44,51.42,725.31,229.74,495.57,0.00,0.00,725.31,13.81,739.12,0.00
01/14/20 00:00-23:59,,17.50,862.36,1.80,67.74,945.80,336.82,608.98,0.00,0.00,945.80,34.14,979.94,0.00
01/15/20 00:00-23:59,,0.00,894.17,5.89,69.16,957.44,104.03,853.41,0.00,0.00,957.44,51.62,"1,009.06",0.00
01/16/20 00:00-23:59,,1.92,944.65,4.90,73.33,"1,015.00",156.91,858.09,0.00,0.00,"1,015.00",42.75,"1,057.75",0.00
01/17/20 00:00-23:59,,0.00,"1,625.61",73.06,121.16,"1,673.71",304.35,"1,369.36",0.00,0.00,"1,673.71",108.50,"1,782.21",0.00
01/18/20 00:00-23:59,,39.80,"1,382.94",20.04,106.85,"1,509.55",388.34,"1,121.21",0.00,0.00,"1,509.55",65.40,"1,574.95",0.00
01/19/20 00:00-23:59,,11.95,"1,463.68",4.32,114.17,"1,585.48",346.21,"1,239.27",0.00,0.00,"1,585.48",70.11,"1,655.59",0.00
01/20/20 00:00-23:59,,17.95,"1,292.46",3.32,101.04,"1,408.13",349.11,"1,059.02",0.00,0.00,"1,408.13",86.88,"1,495.01",0.00
01/21/20 00:00-23:59,,0.00,908.55,3.93,70.50,975.12,134.68,840.44,0.00,0.00,975.12,40.16,"1,015.28",0.00
01/22/20 00:00-23:59,,0.00,821.66,7.93,63.77,877.50,229.32,648.18,0.00,0.00,877.50,29.44,906.94,0.00
01/23/20 00:00-23:59,,0.00,897.68,15.69,69.15,951.14,247.67,703.47,0.00,0.00,951.14,41.62,992.76,0.00
01/24/20 00:00-23:59,,0.00,974.35,17.40,74.70,"1,031.65",194.58,837.07,0.00,0.00,"1,031.65",56.34,"1,087.99",0.00
01/25/20 00:00-23:59,,0.00,"1,386.02",17.93,107.47,"1,475.56",457.75,"1,017.81",0.00,0.00,"1,475.56",64.56,"1,540.12",0.00
01/26/20 00:00-23:59,,0.00,"1,416.25",9.74,110.16,"1,516.67",356.42,"1,160.25",0.00,0.00,"1,516.67",99.61,"1,616.28",0.00
01/27/20 00:00-23:59,,3.85,652.30,3.13,50.83,703.85,176.46,527.39,0.00,0.00,703.85,42.01,745.86,0.00
01/28/20 00:00-23:59,,0.00,650.21,7.03,50.27,693.45,144.87,548.58,0.00,0.00,693.45,37.21,730.66,0.00
01/29/20 00:00-23:59,,0.00,795.41,1.50,62.00,855.91,161.93,693.98,0.00,0.00,855.91,33.74,889.65,0.00
01/30/20 00:00-23:59,,8.50,964.90,27.42,73.34,"1,019.32",213.75,805.57,0.00,0.00,"1,019.32",55.75,"1,075.07",0.00
01/31/20 00:00-23:59,,0.00,868.11,4.97,67.62,930.76,226.44,704.32,0.00,0.00,930.76,55.49,986.25,0.00
02/01/20 00:00-23:59,,1.91,"1,206.41",12.02,93.63,"1,289.93",361.02,928.91,0.00,0.00,"1,289.93",61.27,"1,351.20",0.00
02/02/20 00:00-23:59,,5.00,843.23,12.61,65.11,900.73,236.62,664.11,0.00,0.00,900.73,42.18,942.91,0.00
02/03/20 00:00-23:59,,0.00,885.27,7.22,68.62,946.67,199.29,747.38,0.00,0.00,946.67,36.84,983.51,0.00
02/04/20 00:00-23:59,,0.00,703.26,6.92,54.55,750.89,202.77,548.12,0.00,0.00,750.89,42.81,793.70,0.00
02/05/20 00:00-23:59,,0.00,766.96,10.42,59.22,815.76,189.57,626.19,0.00,0.00,815.76,56.75,872.51,0.00
02/06/20 00:00-23:59,,4.00,864.63,6.53,67.00,929.10,178.04,751.06,0.00,0.00,929.10,37.27,966.37,0.00
02/07/20 00:00-23:59,,0.00,"1,610.55",9.45,124.92,"1,726.02",277.79,"1,448.23",0.00,0.00,"1,726.02",85.76,"1,811.78",0.00
02/08/20 00:00-23:59,,20.00,"1,420.28",3.37,111.35,"1,548.26",488.25,"1,060.01",0.00,0.00,"1,548.26",56.13,"1,604.39",0.00
02/09/20 00:00-23:59,,3.00,"2,069.31",18.28,160.69,"2,214.72",545.12,"1,669.60",0.00,0.00,"2,214.72",101.88,"2,316.60",0.00
02/10/20 00:00-23:59,,0.00,825.99,2.99,64.62,887.62,276.38,611.24,0.00,0.00,887.62,49.91,937.53,0.00
02/11/20 00:00-23:59,,6.89,952.36,1.73,74.38,"1,031.90",223.13,808.77,0.00,0.00,"1,031.90",58.81,"1,090.71",0.00
02/12/20 00:00-23:59,,0.00,871.14,3.82,67.81,935.13,193.20,741.93,0.00,0.00,935.13,61.13,996.26,0.00
02/13/20 00:00-23:59,,0.00,842.44,4.67,65.68,903.45,243.93,659.52,0.00,0.00,903.45,64.45,967.90,0.00
02/14/20 00:00-23:59,,2.00,"1,515.55",3.82,118.28,"1,632.01",363.71,"1,268.30",0.00,0.00,"1,632.01",95.05,"1,727.06",0.00
02/15/20 00:00-23:59,,4.00,"1,507.78",18.66,116.26,"1,609.38",264.60,"1,344.78",0.00,0.00,"1,609.38",103.26,"1,712.64",0.00
02/16/20 00:00-23:59,,8.00,"1,540.19",14.56,119.35,"1,652.98",369.98,"1,283.00",0.00,0.00,"1,652.98",88.24,"1,741.22",0.00
02/17/20 00:00-23:59,,2.00,"1,652.88",6.64,128.52,"1,776.76",300.63,"1,476.13",0.00,0.00,"1,776.76",69.43,"1,846.19",0.00
02/18/20 00:00-23:59,,0.00,557.54,3.21,43.43,597.76,163.88,433.88,0.00,0.00,597.76,31.33,629.09,0.00
02/19/20 00:00-23:59,,2.00,915.27,5.07,71.13,983.33,189.08,794.25,0.00,0.00,983.33,56.47,"1,039.80",0.00
02/20/20 00:00-23:59,,2.00,"1,128.51",18.37,86.54,"1,198.68",171.47,"1,027.21",0.00,0.00,"1,198.68",64.62,"1,263.30",0.00
02/21/20 00:00-23:59,,19.00,"1,608.25",17.67,124.34,"1,733.92",344.84,"1,389.08",0.00,0.00,"1,733.92",71.44,"1,805.36",0.00
02/22/20 00:00-23:59,,0.00,"1,909.67",31.76,146.71,"2,024.62",378.23,"1,646.39",0.00,0.00,"2,024.62",135.84,"2,160.46",0.00
02/23/20 00:00-23:59,,7.95,"2,069.51",89.07,155.00,"2,143.39",497.57,"1,645.82",0.00,0.00,"2,143.39",92.90,"2,236.29",0.00
02/24/20 00:00-23:59,,4.00,742.45,41.19,54.95,760.21,198.19,562.02,0.00,0.00,760.21,28.04,788.25,0.00
02/25/20 00:00-23:59,,0.00,828.92,5.26,64.47,888.13,202.38,685.75,0.00,0.00,888.13,37.17,925.30,0.00
02/26/20 00:00-23:59,,0.00,587.03,6.91,45.56,625.68,189.00,436.68,0.00,0.00,625.68,33.39,659.07,0.00
02/27/20 00:00-23:59,,2.00,893.55,8.32,69.47,956.70,283.33,673.37,0.00,0.00,956.70,41.04,997.74,0.00
02/28/20 00:00-23:59,,0.00,"1,438.55",9.19,111.62,"1,540.98",285.09,"1,255.89",0.00,0.00,"1,540.98",87.76,"1,628.74",0.00
02/29/20 00:00-23:59,,0.00,"1,472.48",7.23,114.80,"1,580.05",388.67,"1,191.38",0.00,0.00,"1,580.05",85.31,"1,665.36",0.00
03/01/20 00:00-23:59,,0.00,"1,595.75",28.05,123.22,"1,690.92",547.57,"1,143.35",0.00,0.00,"1,690.92",64.90,"1,755.82",0.00
03/02/20 00:00-23:59,,0.00,829.36,2.67,64.54,891.23,155.19,736.04,0.00,0.00,891.23,56.56,947.79,0.00
03/03/20 00:00-23:59,,0.50,695.37,5.78,54.03,744.12,197.35,546.77,0.00,0.00,744.12,46.55,790.67,0.00
03/04/20 00:00-23:59,,0.00,854.98,36.20,64.07,882.85,205.41,677.44,0.00,0.00,882.85,49.41,932.26,0.00
03/05/20 00:00-23:59,,3.00,722.52,1.99,56.60,780.13,257.93,522.20,0.00,0.00,780.13,25.45,805.58,0.00
03/06/20 00:00-23:59,,2.00,"1,103.85",10.86,85.44,"1,180.43",246.93,933.50,0.00,0.00,"1,180.43",62.93,"1,243.36",0.00
03/07/20 00:00-23:59,,2.00,"1,444.13",8.84,112.27,"1,549.56",346.02,"1,203.54",0.00,0.00,"1,549.56",78.35,"1,627.91",0.00
03/08/20 00:00-23:59,,0.00,"1,298.76",4.83,101.55,"1,395.48",430.62,964.86,0.00,0.00,"1,395.48",47.95,"1,443.43",0.00
03/09/20 00:00-23:59,,0.00,578.51,6.44,44.84,616.91,180.36,436.55,0.00,0.00,616.91,20.25,637.16,0.00
03/10/20 00:00-23:59,,0.00,"1,100.97",4.66,85.66,"1,181.97",218.91,963.06,0.00,0.00,"1,181.97",31.08,"1,213.05",0.00
03/11/20 00:00-23:59,,0.00,887.65,15.41,68.15,940.39,182.78,757.61,0.00,0.00,940.39,48.81,989.20,0.00
03/12/20 00:00-23:59,,0.00,738.17,1.63,57.44,793.98,126.36,667.62,0.00,0.00,793.98,36.85,830.83,0.00
03/13/20 00:00-23:59,,0.00,999.96,6.89,77.29,"1,070.36",113.59,956.77,0.00,0.00,"1,070.36",51.72,"1,122.08",0.00
03/14/20 00:00-23:59,,0.00,563.79,2.21,43.80,605.38,91.49,513.89,0.00,0.00,605.38,33.55,638.93,0.00
03/15/20 00:00-23:59,,0.00,449.98,2.68,35.08,482.38,144.29,338.09,0.00,0.00,482.38,14.88,497.26,0.00
03/16/20 00:00-23:59,,0.00,48.44,0.00,3.77,52.21,5.12,47.09,0.00,0.00,52.21,1.00,53.21,0.00
03/17/20 00:00-23:59,,0.00,0.00,0.00,0.00,0.00,0.00,0.00,0.00,0.00,0.00,0.00,0.00,0.00
03/18/20 00:00-23:59,,0.00,0.00,0.00,0.00,0.00,0.00,0.00,0.00,0.00,0.00,0.00,0.00,0.00
03/19/20 00:00-23:59,,0.00,0.00,0.00,0.00,0.00,0.00,0.00,0.00,0.00,0.00,0.00,0.00,0.00
03/20/20 00:00-23:59,,0.00,0.00,0.00,0.00,0.00,0.00,0.00,0.00,0.00,0.00,0.00,0.00,0.00
03/21/20 00:00-23:59,,0.00,0.00,0.00,0.00,0.00,0.00,0.00,0.00,0.00,0.00,0.00,0.00,0.00
03/22/20 00:00-23:59,,0.00,0.00,0.00,0.00,0.00,0.00,0.00,0.00,0.00,0.00,0.00,0.00,0.00
03/23/20 00:00-23:59,,0.00,0.00,0.00,0.00,0.00,0.00,0.00,0.00,0.00,0.00,0.00,0.00,0.00
03/24/20 00:00-23:59,,0.00,0.00,0.00,0.00,0.00,0.00,0.00,0.00,0.00,0.00,0.00,0.00,0.00
03/25/20 00:00-23:59,,0.00,0.00,0.00,0.00,0.00,0.00,0.00,0.00,0.00,0.00,0.00,0.00,0.00
03/26/20 00:00-23:59,,0.00,0.00,0.00,0.00,0.00,0.00,0.00,0.00,0.00,0.00,0.00,0.00,0.00
03/27/20 00:00-23:59,,0.00,0.00,0.00,0.00,0.00,0.00,0.00,0.00,0.00,0.00,0.00,0.00,0.00
03/28/20 00:00-23:59,,0.00,0.00,0.00,0.00,0.00,0.00,0.00,0.00,0.00,0.00,0.00,0.00,0.00
03/29/20 00:00-23:59,,0.00,0.00,0.00,0.00,0.00,0.00,0.00,0.00,0.00,0.00,0.00,0.00,0.00
03/30/20 00:00-23:59,,0.00,0.00,0.00,0.00,0.00,0.00,0.00,0.00,0.00,0.00,0.00,0.00,0.00
03/31/20 00:00-23:59,,0.00,0.00,0.00,0.00,0.00,0.00,0.00,0.00,0.00,0.00,0.00,0.00,0.00
04/01/20 00:00-23:59,,0.00,0.00,0.00,0.00,0.00,0.00,0.00,0.00,0.00,0.00,0.00,0.00,0.00
04/02/20 00:00-23:59,,0.00,0.00,0.00,0.00,0.00,0.00,0.00,0.00,0.00,0.00,0.00,0.00,0.00
04/03/20 00:00-23:59,,0.00,0.00,0.00,0.00,0.00,0.00,0.00,0.00,0.00,0.00,0.00,0.00,0.00
04/04/20 00:00-23:59,,0.00,0.00,0.00,0.00,0.00,0.00,0.00,0.00,0.00,0.00,0.00,0.00,0.00
04/05/20 00:00-23:59,,0.00,0.00,0.00,0.00,0.00,0.00,0.00,0.00,0.00,0.00,0.00,0.00,0.00
04/06/20 00:00-23:59,,0.00,0.00,0.00,0.00,0.00,0.00,0.00,0.00,0.00,0.00,0.00,0.00,0.00
04/07/20 00:00-23:59,,0.00,0.00,0.00,0.00,0.00,0.00,0.00,0.00,0.00,0.00,0.00,0.00,0.00
04/08/20 00:00-23:59,,0.00,0.00,0.00,0.00,0.00,0.00,0.00,0.00,0.00,0.00,0.00,0.00,0.00
04/09/20 00:00-23:59,,0.00,0.00,0.00,0.00,0.00,0.00,0.00,0.00,0.00,0.00,0.00,0.00,0.00
04/10/20 00:00-23:59,,0.00,0.00,0.00,0.00,0.00,0.00,0.00,0.00,0.00,0.00,0.00,0.00,0.00
04/11/20 00:00-23:59,,0.00,0.00,0.00,0.00,0.00,0.00,0.00,0.00,0.00,0.00,0.00,0.00,0.00
04/12/20 00:00-23:59,,0.00,0.00,0.00,0.00,0.00,0.00,0.00,0.00,0.00,0.00,0.00,0.00,0.00
04/13/20 00:00-23:59,,0.00,0.00,0.00,0.00,0.00,0.00,0.00,0.00,0.00,0.00,0.00,0.00,0.00
04/14/20 00:00-23:59,,0.00,0.00,0.00,0.00,0.00,0.00,0.00,0.00,0.00,0.00,0.00,0.00,0.00
04/15/20 00:00-23:59,,0.00,0.00,0.00,0.00,0.00,0.00,0.00,0.00,0.00,0.00,0.00,0.00,0.00
04/16/20 00:00-23:59,,0.00,0.00,0.00,0.00,0.00,0.00,0.00,0.00,0.00,0.00,0.00,0.00,0.00
04/17/20 00:00-23:59,,0.00,0.00,0.00,0.00,0.00,0.00,0.00,0.00,0.00,0.00,0.00,0.00,0.00
04/18/20 00:00-23:59,,0.00,0.00,0.00,0.00,0.00,0.00,0.00,0.00,0.00,0.00,0.00,0.00,0.00
04/19/20 00:00-23:59,,0.00,0.00,0.00,0.00,0.00,0.00,0.00,0.00,0.00,0.00,0.00,0.00,0.00
04/20/20 00:00-23:59,,0.00,0.00,0.00,0.00,0.00,0.00,0.00,0.00,0.00,0.00,0.00,0.00,0.00
04/21/20 00:00-23:59,,0.00,0.00,0.00,0.00,0.00,0.00,0.00,0.00,0.00,0.00,0.00,0.00,0.00
04/22/20 00:00-23:59,,0.00,0.00,0.00,0.00,0.00,0.00,0.00,0.00,0.00,0.00,0.00,0.00,0.00
04/23/20 00:00-23:59,,0.00,0.00,0.00,0.00,0.00,0.00,0.00,0.00,0.00,0.00,0.00,0.00,0.00
04/24/20 00:00-23:59,,0.00,0.00,0.00,0.00,0.00,0.00,0.00,0.00,0.00,0.00,0.00,0.00,0.00
04/25/20 00:00-23:59,,0.00,0.00,0.00,0.00,0.00,0.00,0.00,0.00,0.00,0.00,0.00,0.00,0.00
04/26/20 00:00-23:59,,0.00,0.00,0.00,0.00,0.00,0.00,0.00,0.00,0.00,0.00,0.00,0.00,0.00
04/27/20 00:00-23:59,,0.00,0.00,0.00,0.00,0.00,0.00,0.00,0.00,0.00,0.00,0.00,0.00,0.00
04/28/20 00:00-23:59,,0.00,0.00,0.00,0.00,0.00,0.00,0.00,0.00,0.00,0.00,0.00,0.00,0.00
04/29/20 00:00-23:59,,0.00,0.00,0.00,0.00,0.00,0.00,0.00,0.00,0.00,0.00,0.00,0.00,0.00
04/30/20 00:00-23:59,,0.00,0.00,0.00,0.00,0.00,0.00,0.00,0.00,0.00,0.00,0.00,0.00,0.00
05/01/20 00:00-23:59,,0.00,0.00,0.00,0.00,0.00,0.00,0.00,0.00,0.00,0.00,0.00,0.00,0.00
05/02/20 00:00-23:59,,0.00,0.00,0.00,0.00,0.00,0.00,0.00,0.00,0.00,0.00,0.00,0.00,0.00
05/03/20 00:00-23:59,,0.00,0.00,0.00,0.00,0.00,0.00,0.00,0.00,0.00,0.00,0.00,0.00,0.00
05/04/20 00:00-23:59,,0.00,0.00,0.00,0.00,0.00,0.00,0.00,0.00,0.00,0.00,0.00,0.00,0.00
05/05/20 00:00-23:59,,0.00,0.00,0.00,0.00,0.00,0.00,0.00,0.00,0.00,0.00,0.00,0.00,0.00
05/06/20 00:00-23:59,,0.00,0.00,0.00,0.00,0.00,0.00,0.00,0.00,0.00,0.00,0.00,0.00,0.00
05/07/20 00:00-23:59,,0.00,0.00,0.00,0.00,0.00,0.00,0.00,0.00,0.00,0.00,0.00,0.00,0.00
05/08/20 00:00-23:59,,0.00,0.00,0.00,0.00,0.00,0.00,0.00,0.00,0.00,0.00,0.00,0.00,0.00
05/09/20 00:00-23:59,,0.00,0.00,0.00,0.00,0.00,0.00,0.00,0.00,0.00,0.00,0.00,0.00,0.00
05/10/20 00:00-23:59,,0.00,0.00,0.00,0.00,0.00,0.00,0.00,0.00,0.00,0.00,0.00,0.00,0.00
05/11/20 00:00-23:59,,0.00,0.00,0.00,0.00,0.00,0.00,0.00,0.00,0.00,0.00,0.00,0.00,0.00
05/12/20 00:00-23:59,,0.00,0.00,0.00,0.00,0.00,0.00,0.00,0.00,0.00,0.00,0.00,0.00,0.00
05/13/20 00:00-23:59,,0.00,0.00,0.00,0.00,0.00,0.00,0.00,0.00,0.00,0.00,0.00,0.00,0.00
05/14/20 00:00-23:59,,0.00,0.00,0.00,0.00,0.00,0.00,0.00,0.00,0.00,0.00,0.00,0.00,0.00
05/15/20 00:00-23:59,,0.00,0.00,0.00,0.00,0.00,0.00,0.00,0.00,0.00,0.00,0.00,0.00,0.00
05/16/20 00:00-23:59,,0.00,0.00,0.00,0.00,0.00,0.00,0.00,0.00,0.00,0.00,0.00,0.00,0.00
05/17/20 00:00-23:59,,0.00,0.00,0.00,0.00,0.00,0.00,0.00,0.00,0.00,0.00,0.00,0.00,0.00
05/18/20 00:00-23:59,,0.00,0.00,0.00,0.00,0.00,0.00,0.00,0.00,0.00,0.00,0.00,0.00,0.00
05/19/20 00:00-23:59,,0.00,0.00,0.00,0.00,0.00,0.00,0.00,0.00,0.00,0.00,0.00,0.00,0.00
05/20/20 00:00-23:59,,0.00,0.00,0.00,0.00,0.00,0.00,0.00,0.00,0.00,0.00,0.00,0.00,0.00
05/21/20 00:00-23:59,,0.00,0.00,0.00,0.00,0.00,0.00,0.00,0.00,0.00,0.00,0.00,0.00,0.00
05/22/20 00:00-23:59,,0.00,0.00,0.00,0.00,0.00,0.00,0.00,0.00,0.00,0.00,0.00,0.00,0.00
05/23/20 00:00-23:59,,0.00,0.00,0.00,0.00,0.00,0.00,0.00,0.00,0.00,0.00,0.00,0.00,0.00
05/24/20 00:00-23:59,,0.00,0.00,0.00,0.00,0.00,0.00,0.00,0.00,0.00,0.00,0.00,0.00,0.00
05/25/20 00:00-23:59,,0.00,0.00,0.00,0.00,0.00,0.00,0.00,0.00,0.00,0.00,0.00,0.00,0.00
05/26/20 00:00-23:59,,0.00,0.00,0.00,0.00,0.00,0.00,0.00,0.00,0.00,0.00,0.00,0.00,0.00
05/27/20 00:00-23:59,,0.00,0.00,0.00,0.00,0.00,0.00,0.00,0.00,0.00,0.00,0.00,0.00,0.00
05/28/20 00:00-23:59,,0.00,0.00,0.00,0.00,0.00,0.00,0.00,0.00,0.00,0.00,0.00,0.00,0.00
05/29/20 00:00-23:59,,50.75,578.80,20.58,43.82,652.79,139.52,513.27,0.00,0.00,652.79,34.40,687.19,0.00
05/30/20 00:00-23:59,,25.90,557.04,9.85,42.86,615.95,150.45,465.50,0.00,0.00,615.95,33.97,649.92,0.00
05/31/20 00:00-23:59,,0.00,661.99,4.47,51.20,708.72,86.08,622.64,0.00,0.00,708.72,40.10,748.82,0.00
06/01/20 00:00-23:59,,9.00,316.32,2.14,24.55,347.73,65.81,281.92,0.00,0.00,347.73,20.99,368.72,0.00
06/02/20 00:00-23:59,,0.00,243.41,3.57,18.70,258.54,43.07,215.47,0.00,0.00,258.54,12.11,270.65,0.00
06/03/20 00:00-23:59,,12.95,389.08,8.60,29.90,423.33,129.73,293.60,0.00,0.00,423.33,29.61,452.94,0.00
06/04/20 00:00-23:59,,1.41,470.51,3.58,36.43,504.77,95.43,409.34,0.00,0.00,504.77,49.42,554.19,0.00
06/05/20 00:00-23:59,,37.80,642.30,6.17,49.45,723.38,54.14,669.24,0.00,0.00,723.38,62.86,786.24,0.00
06/06/20 00:00-23:59,,35.85,733.30,6.37,56.28,819.06,138.51,680.55,0.00,0.00,819.06,71.20,890.26,0.00
06/07/20 00:00-23:59,,0.00,721.45,0.00,55.89,777.34,155.97,621.37,0.00,0.00,777.34,37.56,814.90,0.00
06/08/20 00:00-23:59,,1.95,690.40,1.59,53.34,744.10,168.62,575.48,0.00,0.00,744.10,43.13,787.23,0.00
06/09/20 00:00-23:59,,0.00,678.85,23.46,50.81,706.20,245.27,460.93,0.00,0.00,706.20,26.27,732.47,0.00
06/10/20 00:00-23:59,,0.00,625.00,4.94,48.04,668.10,159.72,508.38,0.00,0.00,668.10,38.87,706.97,0.00
06/11/20 00:00-23:59,,13.90,829.40,10.40,63.44,896.34,160.26,736.08,0.00,0.00,896.34,32.53,928.87,0.00
06/12/20 00:00-23:59,,0.00,940.80,9.58,72.18,"1,003.40",139.17,864.23,0.00,0.00,"1,003.40",77.01,"1,080.41",0.00
06/13/20 00:00-23:59,,0.00,986.15,30.76,74.06,"1,029.45",176.40,853.05,0.00,0.00,"1,029.45",71.55,"1,101.00",0.00
06/14/20 00:00-23:59,,3.40,"1,117.35",1.94,86.46,"1,205.27",100.69,"1,104.58",0.00,0.00,"1,205.27",73.74,"1,279.01",0.00
06/15/20 00:00-23:59,,0.00,610.15,8.45,46.64,648.34,181.98,466.36,0.00,0.00,648.34,44.61,692.95,0.00
06/16/20 00:00-23:59,,0.00,676.50,29.15,50.17,697.52,93.58,603.94,0.00,0.00,697.52,42.02,739.54,0.00
06/17/20 00:00-23:59,,0.00,902.50,21.65,68.31,949.16,91.65,857.51,0.00,0.00,949.16,60.96,"1,010.12",0.00
06/18/20 00:00-23:59,,0.00,649.10,8.51,49.66,690.25,101.35,588.90,0.00,0.00,690.25,74.48,764.73,0.00
06/19/20 00:00-23:59,,0.00,733.20,3.95,56.52,785.77,107.40,678.37,0.00,0.00,785.77,51.07,836.84,0.00
06/20/20 00:00-23:59,,0.00,635.40,7.16,48.69,676.93,66.27,610.66,0.00,0.00,676.93,49.69,726.62,0.00
06/21/20 00:00-23:59,,0.00,537.35,2.97,41.42,575.80,86.32,489.48,0.00,0.00,575.80,33.54,609.34,0.00
06/22/20 00:00-23:59,,0.00,667.05,13.16,50.64,704.53,94.10,610.43,0.00,0.00,704.53,74.14,778.67,0.00
06/23/20 00:00-23:59,,0.00,637.10,14.72,48.20,670.58,99.02,571.56,0.00,0.00,670.58,41.98,712.56,0.00
06/24/20 00:00-23:59,,0.00,635.00,3.50,48.91,680.41,115.60,564.81,0.00,0.00,680.41,40.61,721.02,0.00
06/25/20 00:00-23:59,,0.00,601.50,5.86,46.19,641.83,125.70,516.13,0.00,0.00,641.83,25.95,667.78,0.00
06/26/20 00:00-23:59,,0.00,871.30,1.19,67.44,937.55,661.82,275.73,0.00,0.00,937.55,27.14,964.69,0.00
06/27/20 00:00-23:59,,0.00,684.35,7.67,52.43,729.11,729.11,0.00,0.00,0.00,729.11,0.00,729.11,0.00
06/28/20 00:00-23:59,,0.00,776.00,1.79,59.98,834.19,834.19,0.00,0.00,0.00,834.19,0.00,834.19,0.00
06/29/20 00:00-23:59,,0.00,715.00,2.97,55.17,767.20,767.20,0.00,0.00,0.00,767.20,0.00,767.20,0.00
06/30/20 00:00-23:59,,0.00,723.20,22.38,54.29,755.11,755.11,0.00,0.00,0.00,755.11,0.00,755.11,0.00
07/01/20 00:00-23:59,,0.01,639.65,38.95,46.51,647.22,206.20,441.02,0.00,0.00,647.22,25.22,672.44,0.00
07/02/20 00:00-23:59,,0.00,683.35,5.37,52.54,730.52,124.45,606.07,0.00,0.00,730.52,53.51,784.03,0.00
07/03/20 00:00-23:59,,0.00,586.95,0.00,45.46,632.41,22.46,609.95,0.00,0.00,632.41,43.17,675.58,0.00
07/04/20 00:00-23:59,,0.00,461.20,1.48,35.63,495.35,73.81,421.54,0.00,0.00,495.35,24.99,520.34,0.00
07/05/20 00:00-23:59,,0.00,"1,001.82",0.89,77.54,"1,078.47",283.69,794.78,0.00,0.00,"1,078.47",58.52,"1,136.99",0.00
07/06/20 00:00-23:59,,0.00,613.35,5.21,47.07,655.21,84.08,571.13,0.00,0.00,655.21,35.34,690.55,0.00
07/07/20 00:00-23:59,,0.00,364.20,0.00,28.20,392.40,75.00,317.40,0.00,0.00,392.40,16.27,408.67,0.00
07/08/20 00:00-23:59,,0.00,509.75,1.35,39.39,547.79,84.75,463.04,0.00,0.00,547.79,34.82,582.61,0.00
07/09/20 00:00-23:59,,0.00,671.20,6.20,51.55,716.55,105.16,611.39,0.00,0.00,716.55,61.26,777.81,0.00
07/10/20 00:00-23:59,,0.00,686.35,77.68,47.19,655.86,76.45,579.41,0.00,0.00,655.86,34.31,690.17,0.00
07/11/20 00:00-23:59,,0.00,946.90,12.47,72.36,"1,006.79",224.32,782.47,0.00,0.00,"1,006.79",63.42,"1,070.21",0.00
07/12/20 00:00-23:59,,0.00,797.95,14.24,60.75,844.46,157.00,687.46,0.00,0.00,844.46,51.33,895.79,0.00
07/13/20 00:00-23:59,,0.00,755.05,1.79,58.39,811.65,139.38,672.27,0.00,0.00,811.65,61.15,872.80,0.00
07/14/20 00:00-23:59,,0.00,654.25,1.19,50.58,703.64,44.71,658.93,0.00,0.00,703.64,73.24,776.88,0.00
07/15/20 00:00-23:59,,15.95,503.10,4.92,38.62,552.75,45.01,507.74,0.00,0.00,552.75,39.22,591.97,0.00
07/16/20 00:00-23:59,,13.95,550.70,0.74,42.60,606.51,77.97,528.54,0.00,0.00,606.51,35.64,642.15,0.00
07/17/20 00:00-23:59,,0.00,769.30,6.14,59.14,822.30,59.42,762.88,0.00,0.00,822.30,50.01,872.31,0.00
07/18/20 00:00-23:59,,0.00,976.10,12.69,74.64,"1,038.05",238.29,799.76,0.00,0.00,"1,038.05",67.71,"1,105.76",0.00
07/19/20 00:00-23:59,,0.00,777.15,8.02,59.60,828.73,95.00,733.73,0.00,0.00,828.73,51.71,880.44,0.00
07/20/20 00:00-23:59,,0.00,731.20,5.98,56.18,781.40,137.70,643.70,0.00,0.00,781.40,59.02,840.42,0.00
07/21/20 00:00-23:59,,0.00,718.00,6.27,55.15,766.88,128.13,638.75,0.00,0.00,766.88,52.30,819.18,0.00
07/22/20 00:00-23:59,,0.00,657.90,2.20,50.79,706.49,87.27,619.22,0.00,0.00,706.49,30.68,737.17,0.00
07/23/20 00:00-23:59,,0.00,905.60,16.43,68.86,958.03,222.61,735.42,0.00,0.00,958.03,44.65,"1,002.68",0.00
07/24/20 00:00-23:59,,0.00,"1,066.20",11.66,81.74,"1,136.28",158.06,978.22,0.00,0.00,"1,136.28",73.04,"1,209.32",0.00
07/25/20 00:00-23:59,,0.00,"1,015.70",10.44,77.86,"1,083.12",227.96,855.16,0.00,0.00,"1,083.12",58.04,"1,141.16",0.00
07/26/20 00:00-23:59,,0.00,"1,248.00",4.31,96.33,"1,340.02",107.80,"1,232.22",0.00,0.00,"1,340.02",93.84,"1,433.86",0.00
07/27/20 00:00-23:59,,0.00,705.85,6.54,54.19,753.50,122.61,630.89,0.00,0.00,753.50,53.55,807.05,0.00
07/28/20 00:00-23:59,,0.00,"1,013.50",0.00,78.53,"1,092.03",172.39,919.64,0.00,0.00,"1,092.03",75.63,"1,167.66",0.00
07/29/20 00:00-23:59,,0.00,802.75,1.79,62.04,863.00,174.07,688.93,0.00,0.00,863.00,48.94,911.94,0.00
07/30/20 00:00-23:59,,0.00,630.95,0.00,48.87,679.82,132.20,547.62,0.00,0.00,679.82,48.23,728.05,0.00
07/31/20 00:00-23:59,,0.00,730.85,6.85,56.07,780.07,157.25,622.82,0.00,0.00,780.07,56.19,836.26,0.00
08/01/20 00:00-23:59,,0.00,771.15,17.83,58.36,811.68,99.50,712.18,0.00,0.00,811.68,53.37,865.05,0.00
08/02/20 00:00-23:59,,0.00,"1,152.65",3.68,88.98,"1,237.95","1,110.25",127.70,0.00,0.00,"1,237.95",2.59,"1,240.54",0.00
08/03/20 00:00-23:59,,0.00,"1,002.15",6.33,77.15,"1,072.97",256.32,816.65,0.00,0.00,"1,072.97",58.86,"1,131.83",0.00
08/04/20 00:00-23:59,,0.00,"1,129.65",8.24,86.85,"1,208.26",129.64,"1,078.62",0.00,0.00,"1,208.26",81.08,"1,289.34",0.00
08/05/20 00:00-23:59,,0.00,986.60,8.37,75.76,"1,053.99",126.39,927.60,0.00,0.00,"1,053.99",71.42,"1,125.41",0.00
08/06/20 00:00-23:59,,0.00,"1,096.20",3.95,84.63,"1,176.88",233.43,943.45,0.00,0.00,"1,176.88",62.40,"1,239.28",0.00
08/07/20 00:00-23:59,,0.00,"1,137.20",6.11,87.64,"1,218.73",222.91,995.82,0.00,0.00,"1,218.73",63.15,"1,281.88",0.00
08/08/20 00:00-23:59,,0.00,"1,230.15",29.10,93.06,"1,294.11",184.10,"1,110.01",0.00,0.00,"1,294.11",75.83,"1,369.94",0.00
08/09/20 00:00-23:59,,0.00,"1,673.85",11.76,128.74,"1,790.83",271.89,"1,518.94",0.00,0.00,"1,790.83",105.60,"1,896.43",0.00
08/10/20 00:00-23:59,,0.00,"1,005.30",10.74,77.04,"1,071.60",126.40,945.20,0.00,0.00,"1,071.60",84.66,"1,156.26",0.00
08/11/20 00:00-23:59,,0.00,998.50,3.70,77.09,"1,071.89",225.07,846.82,0.00,0.00,"1,071.89",59.38,"1,131.27",0.00
08/12/20 00:00-23:59,,0.00,853.10,10.87,65.22,907.45,151.84,755.61,0.00,0.00,907.45,57.46,964.91,0.00
08/13/20 00:00-23:59,,0.00,836.35,15.02,63.64,884.97,144.67,740.30,0.00,0.00,884.97,67.50,952.47,0.00
08/14/20 00:00-23:59,,0.00,"1,001.60",0.74,77.59,"1,078.45",172.78,905.67,0.00,0.00,"1,078.45",75.06,"1,153.51",0.00
08/15/20 00:00-23:59,,0.00,"1,153.05",10.87,88.47,"1,230.65",197.28,"1,033.37",0.00,0.00,"1,230.65",57.36,"1,288.01",0.00
08/16/20 00:00-23:59,,0.00,875.65,5.66,67.39,937.38,176.79,760.59,0.00,0.00,937.38,49.74,987.12,0.00
08/17/20 00:00-23:59,,0.00,647.40,3.12,49.92,694.20,55.25,638.95,0.00,0.00,694.20,53.56,747.76,0.00
08/18/20 00:00-23:59,,0.00,755.55,7.00,58.00,806.55,153.79,652.76,0.00,0.00,806.55,67.48,874.03,0.00
08/19/20 00:00-23:59,,0.00,656.85,6.79,50.41,700.47,95.79,604.68,0.00,0.00,700.47,37.57,738.04,0.00
08/20/20 00:00-23:59,,0.00,763.15,9.37,58.42,812.20,62.40,749.80,0.00,0.00,812.20,50.67,862.87,0.00
08/21/20 00:00-23:59,,0.00,"1,320.85",2.08,102.15,"1,420.92",68.53,"1,352.39",0.00,0.00,"1,420.92",97.44,"1,518.36",0.00
08/22/20 00:00-23:59,,0.00,"1,085.45",3.58,83.86,"1,165.73",272.03,893.70,0.00,0.00,"1,165.73",61.30,"1,227.03",0.00
08/23/20 00:00-23:59,,0.00,"1,302.05",10.60,100.03,"1,391.48",218.92,"1,172.56",0.00,0.00,"1,391.48",88.58,"1,480.06",0.00
08/24/20 00:00-23:59,,0.00,953.25,2.68,73.68,"1,024.25",231.35,792.90,0.00,0.00,"1,024.25",59.48,"1,083.73",0.00
08/25/20 00:00-23:59,,0.00,873.20,6.11,67.20,934.29,176.09,758.20,0.00,0.00,934.29,61.42,995.71,0.00
08/26/20 00:00-23:59,,0.00,"1,026.25",4.91,79.13,"1,100.47",217.02,883.45,0.00,0.00,"1,100.47",73.66,"1,174.13",0.00
08/27/20 00:00-23:59,,0.00,833.15,2.96,64.32,894.51,247.92,646.59,0.00,0.00,894.51,51.88,946.39,0.00
08/28/20 00:00-23:59,,0.00,957.90,0.74,74.11,"1,031.27",179.16,852.11,0.00,0.00,"1,031.27",55.72,"1,086.99",0.00
08/29/20 00:00-23:59,,0.00,"1,163.45",4.17,89.79,"1,249.07",353.95,895.12,0.00,0.00,"1,249.07",79.24,"1,328.31",0.00
08/30/20 00:00-23:59,,0.00,"1,435.55",11.77,110.35,"1,534.13",249.17,"1,284.96",0.00,0.00,"1,534.13",130.91,"1,665.04",0.00
08/31/20 00:00-23:59,,0.00,921.65,0.89,71.31,992.07,224.37,767.70,0.00,0.00,992.07,49.64,"1,041.71",0.00
09/01/20 00:00-23:59,,0.00,"1,116.55",2.23,86.33,"1,200.65",359.79,840.86,0.00,0.00,"1,200.65",69.60,"1,270.25",0.00
09/02/20 00:00-23:59,,0.00,922.80,6.11,71.02,987.71,264.04,723.67,0.00,0.00,987.71,55.21,"1,042.92",0.00
09/03/20 00:00-23:59,,0.00,925.05,2.08,71.49,994.46,175.18,819.28,0.00,0.00,994.46,60.39,"1,054.85",0.00
09/04/20 00:00-23:59,,0.00,905.85,0.01,70.18,976.02,167.06,808.96,0.00,0.00,976.02,44.18,"1,020.20",0.00
09/05/20 00:00-23:59,,0.00,895.90,34.32,66.77,928.35,405.39,522.96,0.00,0.00,928.35,30.98,959.33,0.00
09/06/20 00:00-23:59,,0.00,969.00,5.21,74.66,"1,038.45",159.64,878.81,0.00,0.00,"1,038.45",38.93,"1,077.38",0.00
09/07/20 00:00-23:59,,0.00,"1,615.25",9.22,124.45,"1,730.48",292.49,"1,437.99",0.00,0.00,"1,730.48",66.92,"1,797.40",0.00
09/08/20 00:00-23:59,,0.00,762.45,4.16,58.75,817.04,118.46,698.58,0.00,0.00,817.04,43.32,860.36,0.00
09/09/20 00:00-23:59,,0.00,"1,009.45",0.74,78.23,"1,086.94",95.25,991.69,0.00,0.00,"1,086.94",51.20,"1,138.14",0.00
09/10/20 00:00-23:59,,0.00,"1,167.60",15.90,89.27,"1,240.97",133.03,"1,107.94",0.00,0.00,"1,240.97",90.60,"1,331.57",0.00
09/11/20 00:00-23:59,,0.00,"1,211.50",0.74,93.81,"1,304.57",246.25,"1,058.32",0.00,0.00,"1,304.57",58.14,"1,362.71",0.00
09/12/20 00:00-23:59,,0.00,"1,906.20",11.00,146.80,"2,042.00",267.59,"1,774.41",0.00,0.00,"2,042.00",169.45,"2,211.45",0.00
09/13/20 00:00-23:59,,0.00,"1,941.00",4.76,150.06,"2,086.30",451.68,"1,634.62",0.00,0.00,"2,086.30",110.14,"2,196.44",0.00
09/14/20 00:00-23:59,,0.00,833.30,0.74,64.53,897.09,196.10,700.99,0.00,0.00,897.09,51.54,948.63,0.00
09/15/20 00:00-23:59,,0.00,676.60,1.63,52.28,727.25,157.42,569.83,0.00,0.00,727.25,27.80,755.05,0.00
09/16/20 00:00-23:59,,0.00,"1,109.45",2.83,85.74,"1,192.36",139.39,"1,052.97",0.00,0.00,"1,192.36",62.64,"1,255.00",0.00
09/17/20 00:00-23:59,,0.00,"1,105.45",1.19,85.52,"1,189.78",163.27,"1,026.51",0.00,0.00,"1,189.78",72.17,"1,261.95",0.00
09/18/20 00:00-23:59,,0.00,"1,323.55",14.99,101.41,"1,409.97",218.96,"1,191.01",0.00,0.00,"1,409.97",80.05,"1,490.02",0.00
09/19/20 00:00-23:59,,0.00,"1,535.75",0.00,118.97,"1,654.72",356.55,"1,298.17",0.00,0.00,"1,654.72",87.23,"1,741.95",0.00
09/20/20 00:00-23:59,,0.00,"1,472.20",3.57,113.82,"1,582.45",268.34,"1,314.11",0.00,0.00,"1,582.45",82.08,"1,664.53",0.00
09/21/20 00:00-23:59,,0.00,"1,218.50",3.43,94.13,"1,309.20",294.16,"1,015.04",0.00,0.00,"1,309.20",67.92,"1,377.12",0.00
09/22/20 00:00-23:59,,0.00,851.05,4.02,65.60,912.63,67.48,845.15,0.00,0.00,912.63,47.35,959.98,0.00
09/23/20 00:00-23:59,,0.00,"1,037.65",1.19,80.32,"1,116.78",183.11,933.67,0.00,0.00,"1,116.78",58.58,"1,175.36",0.00
09/24/20 00:00-23:59,,0.00,970.15,2.53,75.00,"1,042.62",281.65,760.97,0.00,0.00,"1,042.62",64.72,"1,107.34",0.00
09/25/20 00:00-23:59,,0.00,"1,620.10",6.84,125.02,"1,738.28",359.67,"1,378.61",0.00,0.00,"1,738.28",100.44,"1,838.72",0.00
09/26/20 00:00-23:59,,0.00,"1,840.20",26.66,140.51,"1,954.05",331.06,"1,622.99",0.00,0.00,"1,954.05",103.22,"2,057.27",0.00
09/27/20 00:00-23:59,,0.00,"1,803.95",4.32,139.43,"1,939.06",392.04,"1,547.02",0.00,0.00,"1,939.06",117.07,"2,056.13",0.00
09/28/20 00:00-23:59,,0.00,694.05,0.00,53.79,747.84,83.51,664.33,0.00,0.00,747.84,30.26,778.10,0.00
09/29/20 00:00-23:59,,0.00,893.55,2.38,69.08,960.25,94.17,866.08,0.00,0.00,960.25,68.04,"1,028.29",0.00
09/30/20 00:00-23:59,,0.00,"1,104.55",2.83,85.38,"1,187.10",85.70,"1,101.40",0.00,0.00,"1,187.10",91.39,"1,278.49",0.00
10/01/20 00:00-23:59,,0.00,860.75,6.10,66.24,920.89,160.23,760.66,0.00,0.00,920.89,68.93,989.82,0.00
10/02/20 00:00-23:59,,0.00,"1,080.70",0.74,83.65,"1,163.61",237.36,926.25,0.00,0.00,"1,163.61",84.39,"1,248.00",0.00
10/03/20 00:00-23:59,,0.00,"1,578.45",30.68,119.92,"1,667.69",270.12,"1,397.57",0.00,0.00,"1,667.69",109.74,"1,777.43",0.00
10/04/20 00:00-23:59,,0.00,"1,317.90",11.32,101.19,"1,407.77",210.07,"1,197.70",0.00,0.00,"1,407.77",83.59,"1,491.36",0.00
10/05/20 00:00-23:59,,0.00,985.90,9.28,75.67,"1,052.29",206.07,846.22,0.00,0.00,"1,052.29",49.06,"1,101.35",0.00
10/06/20 00:00-23:59,,0.00,"1,119.90",9.53,86.05,"1,196.42",123.69,"1,072.73",0.00,0.00,"1,196.42",79.35,"1,275.77",0.00
10/07/20 00:00-23:59,,0.00,"1,200.15",0.74,92.91,"1,292.32",286.56,"1,005.76",0.00,0.00,"1,292.32",54.29,"1,346.61",0.00
10/08/20 00:00-23:59,,0.00,"1,248.00",8.05,96.15,"1,336.10",249.00,"1,087.10",0.00,0.00,"1,336.10",61.70,"1,397.80",0.00
10/09/20 00:00-23:59,,0.00,"1,510.90",21.06,115.46,"1,605.30",132.21,"1,473.09",0.00,0.00,"1,605.30",86.94,"1,692.24",0.00
10/10/20 00:00-23:59,,0.00,"1,913.45",20.61,146.69,"2,039.53",302.13,"1,737.40",0.00,0.00,"2,039.53",123.65,"2,163.18",0.00
10/11/20 00:00-23:59,,0.00,"1,518.45",18.49,116.26,"1,616.22",315.34,"1,300.88",0.00,0.00,"1,616.22",79.87,"1,696.09",0.00
10/12/20 00:00-23:59,,0.00,"1,206.25",4.02,93.17,"1,295.40",227.16,"1,068.24",0.00,0.00,"1,295.40",63.64,"1,359.04",0.00
10/13/20 00:00-23:59,,0.00,557.90,1.93,43.11,599.08,129.15,469.93,0.00,0.00,599.08,47.39,646.47,0.00
10/14/20 00:00-23:59,,0.00,"1,287.30",0.00,99.75,"1,387.05",201.27,"1,185.78",0.00,0.00,"1,387.05",66.67,"1,453.72",0.00
10/15/20 00:00-23:59,,0.00,"1,505.05",10.89,115.79,"1,609.95",417.09,"1,192.86",0.00,0.00,"1,609.95",73.03,"1,682.98",0.00
10/16/20 00:00-23:59,,0.00,"1,106.95",0.00,85.75,"1,192.70",227.44,965.26,0.00,0.00,"1,192.70",70.85,"1,263.55",0.00
10/17/20 00:00-23:59,,0.00,"1,288.75",8.20,99.26,"1,379.81",195.27,"1,184.54",0.00,0.00,"1,379.81",102.83,"1,482.64",0.00
10/18/20 00:00-23:59,,0.00,"1,702.00",3.91,131.54,"1,829.63",243.31,"1,586.32",0.00,0.00,"1,829.63",86.04,"1,915.67",0.00
10/19/20 00:00-23:59,,0.00,"1,107.75",5.06,85.49,"1,188.18",206.25,981.93,0.00,0.00,"1,188.18",79.63,"1,267.81",0.00
10/20/20 00:00-23:59,,0.00,873.25,3.71,67.40,936.94,196.65,740.29,0.00,0.00,936.94,59.75,996.69,0.00
10/21/20 00:00-23:59,,0.00,"1,062.35",6.26,81.89,"1,137.98",201.34,936.64,0.00,0.00,"1,137.98",72.06,"1,210.04",0.00
10/22/20 00:00-23:59,,0.00,"1,171.05",14.98,89.60,"1,245.67",172.01,"1,073.66",0.00,0.00,"1,245.67",78.23,"1,323.90",0.00
10/23/20 00:00-23:59,,0.00,"1,316.15",20.23,100.46,"1,396.38",227.81,"1,168.57",0.00,0.00,"1,396.38",99.16,"1,495.54",0.00
10/24/20 00:00-23:59,,0.00,"2,062.05",5.84,159.38,"2,215.59",282.73,"1,932.86",0.00,0.00,"2,215.59",129.03,"2,344.62",0.00
10/25/20 00:00-23:59,,0.00,"2,415.15",4.24,186.90,"2,597.81",315.32,"2,282.49",0.00,0.00,"2,597.81",135.29,"2,733.10",0.00
10/26/20 00:00-23:59,,0.00,"1,323.10",1.04,102.45,"1,424.51",296.16,"1,128.35",0.00,0.00,"1,424.51",96.88,"1,521.39",0.00
10/27/20 00:00-23:59,,0.00,"1,174.45",9.08,90.31,"1,255.68",217.97,"1,037.71",0.00,0.00,"1,255.68",60.61,"1,316.29",0.00
10/28/20 00:00-23:59,,0.00,"1,282.00",1.63,99.23,"1,379.60",228.10,"1,151.50",0.00,0.00,"1,379.60",74.07,"1,453.67",0.00
10/29/20 00:00-23:59,,0.00,"1,317.45",2.48,101.91,"1,416.88",205.71,"1,211.17",0.00,0.00,"1,416.88",73.40,"1,490.28",0.00
10/30/20 00:00-23:59,,0.00,"1,061.10",4.82,81.90,"1,138.18",180.74,957.44,0.00,0.00,"1,138.18",64.90,"1,203.08",0.00
10/31/20 00:00-23:59,,0.00,"1,433.05",10.29,110.31,"1,533.07",378.93,"1,154.14",0.00,0.00,"1,533.07",89.85,"1,622.92",0.00
11/01/20 00:00-23:59,,0.00,"1,669.50",10.78,128.60,"1,787.32",288.56,"1,498.76",0.00,0.00,"1,787.32",111.49,"1,898.81",0.00
11/02/20 00:00-23:59,,0.00,929.85,3.13,71.83,998.55,86.68,911.87,0.00,0.00,998.55,65.10,"1,063.65",0.00
11/03/20 00:00-23:59,,0.00,878.80,3.42,67.80,943.18,137.89,805.29,0.00,0.00,943.18,48.75,991.93,0.00
11/04/20 00:00-23:59,,0.00,"1,127.70",3.88,87.11,"1,210.93",128.49,"1,082.44",0.00,0.00,"1,210.93",68.49,"1,279.42",0.00
11/05/20 00:00-23:59,,0.00,"1,213.55",1.19,93.97,"1,306.33",276.84,"1,029.49",0.00,0.00,"1,306.33",75.35,"1,381.68",0.00
11/06/20 00:00-23:59,,0.00,"1,823.75",5.81,140.84,"1,958.78",525.36,"1,433.42",0.00,0.00,"1,958.78",111.92,"2,070.70",0.00
11/07/20 00:00-23:59,,0.00,"2,150.80",11.77,165.83,"2,304.86",292.98,"2,011.88",0.00,0.00,"2,304.86",145.32,"2,450.18",0.00
11/08/20 00:00-23:59,,0.00,"2,089.95",6.55,161.51,"2,244.91",187.92,"2,056.99",0.00,0.00,"2,244.91",146.39,"2,391.30",0.00
11/09/20 00:00-23:59,,0.00,"1,184.40",0.00,91.83,"1,276.23",141.12,"1,135.11",0.00,0.00,"1,276.23",103.79,"1,380.02",0.00
11/10/20 00:00-23:59,,0.00,"1,307.20",6.72,100.81,"1,401.29",193.36,"1,207.93",0.00,0.00,"1,401.29",90.64,"1,491.93",0.00
11/11/20 00:00-23:59,,0.00,"1,635.20",13.43,125.67,"1,747.44",205.15,"1,542.29",0.00,0.00,"1,747.44",109.14,"1,856.58",0.00
11/12/20 00:00-23:59,,0.00,"1,464.90",5.50,113.10,"1,572.50",114.65,"1,457.85",0.00,0.00,"1,572.50",86.61,"1,659.11",0.00
11/13/20 00:00-23:59,,0.00,"1,677.05",0.59,129.96,"1,806.42",312.75,"1,493.67",0.00,0.00,"1,806.42",109.48,"1,915.90",0.00
11/14/20 00:00-23:59,,0.00,"2,296.45",13.56,176.84,"2,459.73",257.11,"2,202.62",0.00,0.00,"2,459.73",164.77,"2,624.50",0.00
11/15/20 00:00-23:59,,0.00,"2,282.25",16.13,175.62,"2,441.74",435.66,"2,006.08",0.00,0.00,"2,441.74",121.22,"2,562.96",0.00
11/16/20 00:00-23:59,,0.00,"1,187.30",1.73,91.86,"1,277.43",201.45,"1,075.98",0.00,0.00,"1,277.43",60.38,"1,337.81",0.00
11/17/20 00:00-23:59,,0.00,"1,290.05",16.31,98.70,"1,372.44",238.73,"1,133.71",0.00,0.00,"1,372.44",97.41,"1,469.85",0.00
11/18/20 00:00-23:59,,0.00,"1,057.70",4.60,81.60,"1,134.70",131.61,"1,003.09",0.00,0.00,"1,134.70",77.53,"1,212.23",0.00
11/19/20 00:00-23:59,,0.00,968.02,7.81,74.43,"1,034.64",202.46,832.18,0.00,0.00,"1,034.64",57.27,"1,091.91",0.00
11/20/20 00:00-23:59,,0.00,"1,595.10",16.35,122.31,"1,701.06",277.03,"1,424.03",0.00,0.00,"1,701.06",90.54,"1,791.60",0.00
11/21/20 00:00-23:59,,0.00,"1,236.55",5.18,95.46,"1,326.83",155.62,"1,171.21",0.00,0.00,"1,326.83",75.31,"1,402.14",0.00
11/22/20 00:00-23:59,,0.00,"1,505.25",12.80,115.68,"1,608.13",109.69,"1,498.44",0.00,0.00,"1,608.13",86.95,"1,695.08",0.00
11/23/20 00:00-23:59,,0.00,"1,400.50",9.95,107.79,"1,498.34",226.74,"1,271.60",0.00,0.00,"1,498.34",107.49,"1,605.83",0.00
11/24/20 00:00-23:59,,0.00,"1,014.10",16.33,77.30,"1,075.07",124.83,950.24,0.00,0.00,"1,075.07",79.41,"1,154.48",0.00
11/25/20 00:00-23:59,,0.00,"1,115.20",1.48,86.31,"1,200.03",219.70,980.33,0.00,0.00,"1,200.03",40.04,"1,240.07",0.00
11/26/20 00:00-23:59,,0.00,0.00,0.00,0.00,0.00,0.00,0.00,0.00,0.00,0.00,0.00,0.00,0.00
11/27/20 00:00-23:59,,0.00,"1,140.90",5.32,88.02,"1,223.60",331.98,891.62,0.00,0.00,"1,223.60",63.99,"1,287.59",0.00
11/28/20 00:00-23:59,,0.00,"1,894.40",18.35,145.39,"2,021.44",252.31,"1,769.13",0.00,0.00,"2,021.44",116.82,"2,138.26",0.00
11/29/20 00:00-23:59,,0.00,"1,682.75",23.84,128.61,"1,787.52",173.92,"1,613.60",0.00,0.00,"1,787.52",100.77,"1,888.29",0.00
11/30/20 00:00-23:59,,0.00,"1,177.20",6.62,90.69,"1,261.27",289.74,971.53,0.00,0.00,"1,261.27",83.89,"1,345.16",0.00
12/01/20 00:00-23:59,,0.00,"1,228.75",8.43,94.58,"1,314.90",178.81,"1,136.09",0.00,0.00,"1,314.90",60.32,"1,375.22",0.00
12/02/20 00:00-23:59,,0.00,934.00,0.00,72.40,"1,006.40",130.53,875.87,0.00,0.00,"1,006.40",56.30,"1,062.70",0.00
12/03/20 00:00-23:59,,0.00,"1,229.65",27.47,93.14,"1,295.32",170.04,"1,125.28",0.00,0.00,"1,295.32",71.59,"1,366.91",0.00
12/04/20 00:00-23:59,,0.00,"1,550.10",5.97,119.68,"1,663.81",153.59,"1,510.22",0.00,0.00,"1,663.81",113.16,"1,776.97",0.00
12/05/20 00:00-23:59,,0.00,"1,306.15",9.68,100.47,"1,396.94",245.54,"1,151.40",0.00,0.00,"1,396.94",69.38,"1,466.32",0.00
12/06/20 00:00-23:59,,0.00,"1,767.75",17.70,135.64,"1,885.69",354.94,"1,530.75",0.00,0.00,"1,885.69",85.36,"1,971.05",0.00
12/07/20 00:00-23:59,,0.00,805.05,6.86,61.88,860.07,192.13,667.94,0.00,0.00,860.07,48.64,908.71,0.00
12/08/20 00:00-23:59,,0.00,846.55,2.08,65.44,909.91,49.42,860.49,0.00,0.00,909.91,62.24,972.15,0.00
12/09/20 00:00-23:59,,0.00,924.70,0.01,71.63,996.32,192.74,803.58,0.00,0.00,996.32,56.65,"1,052.97",0.00
12/10/20 00:00-23:59,,0.00,985.85,7.20,75.88,"1,054.53",278.12,776.41,0.00,0.00,"1,054.53",54.80,"1,109.33",0.00
12/11/20 00:00-23:59,,0.00,"1,160.15",6.78,89.44,"1,242.81",243.03,999.78,0.00,0.00,"1,242.81",70.17,"1,312.98",0.00
12/12/20 00:00-23:59,,0.00,"1,857.05",9.31,143.21,"1,990.95",330.99,"1,659.96",0.00,0.00,"1,990.95",116.48,"2,107.43",0.00
12/13/20 00:00-23:59,,0.00,"1,534.75",13.49,117.88,"1,639.14",248.46,"1,390.68",0.00,0.00,"1,639.14",95.89,"1,735.03",0.00
12/14/20 00:00-23:59,,0.00,857.80,0.00,66.49,924.29,91.05,833.24,0.00,0.00,924.29,61.86,986.15,0.00
12/15/20 00:00-23:59,,0.00,669.15,12.78,50.87,707.24,135.67,571.57,0.00,0.00,707.24,42.30,749.54,0.00
12/16/20 00:00-23:59,,0.00,964.15,0.00,74.70,"1,038.85",389.72,649.13,0.00,0.00,"1,038.85",36.58,"1,075.43",0.00
12/17/20 00:00-23:59,,0.00,"1,219.61",7.55,93.94,"1,306.00",135.24,"1,170.76",0.00,0.00,"1,306.00",80.49,"1,386.49",0.00
12/18/20 00:00-23:59,,0.00,"1,326.25",11.15,101.94,"1,417.04",233.55,"1,183.49",0.00,0.00,"1,417.04",81.87,"1,498.91",0.00
12/19/20 00:00-23:59,,0.00,"1,124.15",5.80,86.68,"1,205.03",240.14,964.89,0.00,0.00,"1,205.03",77.39,"1,282.42",0.00
12/20/20 00:00-23:59,,0.00,"1,014.25",0.74,78.61,"1,092.12",222.37,869.75,0.00,0.00,"1,092.12",78.43,"1,170.55",0.00
12/21/20 00:00-23:59,,0.00,839.10,6.57,64.55,897.08,139.37,757.71,0.00,0.00,897.08,58.61,955.69,0.00
12/22/20 00:00-23:59,,0.00,944.60,2.53,73.01,"1,015.08",225.40,789.68,0.00,0.00,"1,015.08",62.33,"1,077.41",0.00
12/23/20 00:00-23:59,,0.00,859.90,1.19,66.53,925.24,125.32,799.92,0.00,0.00,925.24,50.52,975.76,0.00
12/24/20 00:00-23:59,,0.00,0.00,0.00,0.00,0.00,0.00,0.00,0.00,0.00,0.00,0.00,0.00,0.00
12/25/20 00:00-23:59,,0.00,0.00,0.00,0.00,0.00,0.00,0.00,0.00,0.00,0.00,0.00,0.00,0.00
12/26/20 00:00-23:59,,0.00,"1,136.60",5.51,87.67,"1,218.76",287.24,931.52,0.00,0.00,"1,218.76",67.73,"1,286.49",0.00
12/27/20 00:00-23:59,,0.00,"1,557.65",7.80,120.11,"1,669.96",326.75,"1,343.21",0.00,0.00,"1,669.96",110.26,"1,780.22",0.00
12/28/20 00:00-23:59,,0.00,"1,077.80",2.53,83.35,"1,158.62",328.88,829.74,0.00,0.00,"1,158.62",71.49,"1,230.11",0.00
12/29/20 00:00-23:59,,0.00,"1,105.15",4.30,85.35,"1,186.20",274.09,912.11,0.00,0.00,"1,186.20",70.86,"1,257.06",0.00
12/30/20 00:00-23:59,,0.00,"1,528.05",10.88,117.54,"1,634.71",298.12,"1,336.59",0.00,0.00,"1,634.71",116.04,"1,750.75",0.00
12/31/20 00:00-23:59,,0.00,815.50,33.02,60.63,843.11,77.74,765.37,0.00,0.00,843.11,64.04,907.15,0.00
01/01/21 00:00-23:59,,0.00,"1,951.70",0.00,151.28,"2,102.98",327.08,"1,775.90",0.00,0.00,"2,102.98",100.99,"2,203.97",0.00
01/02/21 00:00-23:59,,0.00,"2,010.30",3.87,155.48,"2,161.91",231.58,"1,930.33",0.00,0.00,"2,161.91",131.61,"2,293.52",0.00
01/03/21 00:00-23:59,,0.00,"1,800.60",12.67,138.61,"1,926.54",241.07,"1,685.47",0.00,0.00,"1,926.54",116.21,"2,042.75",0.00
01/04/21 00:00-23:59,,0.00,"1,405.50",1.79,108.75,"1,512.46",258.24,"1,254.22",0.00,0.00,"1,512.46",108.37,"1,620.83",0.00
01/05/21 00:00-23:59,,0.00,"1,168.65",10.21,89.78,"1,248.22",296.75,951.47,0.00,0.00,"1,248.22",59.96,"1,308.18",0.00
01/06/21 00:00-23:59,,0.00,"1,208.20",2.22,93.46,"1,299.44",176.77,"1,122.67",0.00,0.00,"1,299.44",102.97,"1,402.41",0.00
01/07/21 00:00-23:59,,0.00,"1,117.85",13.01,85.64,"1,190.48",213.56,976.92,0.00,0.00,"1,190.48",88.79,"1,279.27",0.00
01/08/21 00:00-23:59,,0.00,"1,548.60",7.84,119.41,"1,660.17",244.45,"1,415.72",0.00,0.00,"1,660.17",97.70,"1,757.87",0.00
01/09/21 00:00-23:59,,0.00,"2,182.00",7.96,168.52,"2,342.56",362.87,"1,979.69",0.00,0.00,"2,342.56",127.28,"2,469.84",0.00
01/10/21 00:00-23:59,,0.00,"2,416.10",2.38,187.09,"2,600.81",360.88,"2,239.93",0.00,0.00,"2,600.81",127.20,"2,728.01",0.00
01/11/21 00:00-23:59,,0.00,793.15,9.94,60.67,843.88,68.41,775.47,0.00,0.00,843.88,50.09,893.97,0.00
01/12/21 00:00-23:59,,0.00,956.05,5.04,73.73,"1,024.74",132.75,891.99,0.00,0.00,"1,024.74",60.13,"1,084.87",0.00
01/13/21 00:00-23:59,,0.00,"1,510.30",5.51,116.62,"1,621.41",210.73,"1,410.68",0.00,0.00,"1,621.41",111.78,"1,733.19",0.00
01/14/21 00:00-23:59,,0.00,"1,099.05",5.65,84.74,"1,178.14",144.89,"1,033.25",0.00,0.00,"1,178.14",85.11,"1,263.25",0.00
01/15/21 00:00-23:59,,0.00,"1,797.85",10.86,138.51,"1,925.50",355.67,"1,569.83",0.00,0.00,"1,925.50",129.69,"2,055.19",0.00
01/16/21 00:00-23:59,,0.00,"1,896.65",4.39,146.70,"2,038.96",366.54,"1,672.42",0.00,0.00,"2,038.96",117.36,"2,156.32",0.00
01/17/21 00:00-23:59,,0.00,"2,067.10",4.46,159.76,"2,222.40",337.84,"1,884.56",0.00,0.00,"2,222.40",116.59,"2,338.99",0.00
01/18/21 00:00-23:59,,0.00,"1,386.60",3.58,107.16,"1,490.18",228.62,"1,261.56",0.00,0.00,"1,490.18",91.17,"1,581.35",0.00
01/19/21 00:00-23:59,,0.00,"1,054.35",3.72,81.40,"1,132.03",150.89,981.14,0.00,0.00,"1,132.03",55.49,"1,187.52",0.00
01/20/21 00:00-23:59,,0.00,"1,111.25",3.37,85.88,"1,193.76",235.72,958.04,0.00,0.00,"1,193.76",71.01,"1,264.77",0.00
01/21/21 00:00-23:59,,0.00,"1,154.95",2.78,89.30,"1,241.47",154.51,"1,086.96",0.00,0.00,"1,241.47",89.41,"1,330.88",0.00
01/22/21 00:00-23:59,,0.00,"1,584.75",0.74,122.75,"1,706.76",252.12,"1,454.64",0.00,0.00,"1,706.76",116.02,"1,822.78",0.00
01/23/21 00:00-23:59,,0.00,"1,457.45",43.19,109.57,"1,523.83",238.89,"1,284.94",0.00,0.00,"1,523.83",90.86,"1,614.69",0.00
01/24/21 00:00-23:59,,0.00,"1,996.10",12.58,153.78,"2,137.30",614.75,"1,522.55",0.00,0.00,"2,137.30",126.73,"2,264.03",0.00
01/25/21 00:00-23:59,,0.00,866.30,4.17,66.82,928.95,282.22,646.73,0.00,0.00,928.95,44.08,973.03,0.00
01/26/21 00:00-23:59,,0.00,843.45,12.80,64.35,895.00,123.66,771.34,0.00,0.00,895.00,70.67,965.67,0.00
01/27/21 00:00-23:59,,0.00,"1,291.90",0.00,100.13,"1,392.03",219.02,"1,173.01",0.00,0.00,"1,392.03",90.02,"1,482.05",0.00
01/28/21 00:00-23:59,,0.00,897.50,6.18,69.10,960.42,65.36,895.06,0.00,0.00,960.42,75.89,"1,036.31",0.00
01/29/21 00:00-23:59,,0.00,"1,638.80",38.69,123.99,"1,724.10",232.42,"1,491.68",0.00,0.00,"1,724.10",121.85,"1,845.95",0.00
01/30/21 00:00-23:59,,0.00,"2,431.25",7.87,187.86,"2,611.24",356.89,"2,254.35",0.00,0.00,"2,611.24",168.42,"2,779.66",0.00
01/31/21 00:00-23:59,,0.00,"2,101.55",1.79,162.75,"2,262.51",487.57,"1,774.94",0.00,0.00,"2,262.51",128.25,"2,390.76",0.00